@Comment file doc/bib-refpersys.bib see http://refpersys.org/

@inproceedings{Antignac:2016:privacy,
  title =	 {A privacy-aware conceptual model for handling
                  personal data},
  author =	 {Antignac, Thibaud and Scandariato, Riccardo and
                  Schneider, Gerardo},
  booktitle =	 {International Symposium on Leveraging Applications
                  of Formal Methods},
  pages =	 {942--957},
  year =	 2016,
  organization = {Springer}
}

@Book{Detienne:1998:genie-log-psycho,
  author = 	 {Détienne, Françoise},
  title = 	 {Génie logiciel et psychologie de la programmation},
  annote = {(software engineering and cognitive psychology of programming)},
  publisher = 	 {Hermès},
  year = 	 1998,
  isbn = {2-86601-716-1}}

@Book{Arpaci-Dusseau:2018:OSBook,
  author =	 {Remzi H. Arpaci-Dusseau and Andrea
                  C. Arpaci-Dusseau},
  title =	 {Operating Systems: Three Easy Pieces},
  publisher =	 {Arpaci-Dusseau Books},
  month =	 "August",
  year =	 2018,
  url =		 {https://pages.cs.wisc.edu/~remzi/OSTEP/},
  edition =	 {1.00}
}
@article{Brooks:1987:NSB,
  author =	 {Brooks,Jr., Frederick P.},
  title =	 {No Silver Bullet - Essence and Accidents of Software
                  Engineering},
  journal =	 {Computer},
  issue_date =	 {April 1987},
  volume =	 20,
  number =	 4,
  month =	 apr,
  year =	 1987,
  issn =	 {0018-9162},
  pages =	 {10--19},
  numpages =	 10,
  url =		 {https://doi.org/10.1109/MC.1987.1663532},
  doi =		 {10.1109/MC.1987.1663532},
  acmid =	 26441,
  publisher =	 {IEEE Computer Society Press},
  address =	 {Los Alamitos, CA, USA},
}

@book{Brooks:1995:MM,
  author =	 {Brooks,Jr., Frederick P.},
  title =	 {The Mythical Man-month (Anniversary Ed.)},
  year =	 1995,
  isbn =	 {0-201-83595-9},
  publisher =	 {Addison-Wesley Longman Publishing Co., Inc.},
  address =	 {Boston, MA, USA},
}



@article{Ceylan-Darwiche-Broeck:2021:OWPD,
  author =	 {Ceylan, Ismail Ilkan, Darwiche, Adnan and Van den
                  Broeck, Guy},
  title =	 {Open-world probabilistic databases: Semantics,
                  algorithms, complexity},
  journal =	 {Artificial Intelligence},
  number =	 103474,
  month =	 feb,
  year =	 2021,
  url =		 {https://doi.org/10.1016/j.artint.2021.103474},
  publisher =	 {Elsevier}
}

@book{Chailloux:2000:applications-ocaml,
title= {Développement d'applications avec Ocaml},
author= {Chailloux, Emmanuel and Manoury, Pascal and Pagano, Bruno},
publisher={O'Reilly},
isbn={978-2841771219},
year={2000}}

@book{Chi:1988:nature-expertise,
  title =	 {The nature of expertise},
  author =	 {Chi, Michelene and Glaser, Robert and Farr,
                  Marshall},
  year =	 1988,
  isbn =	 {0-8058-0404-8},
  publisher =	 {Lawrence Erlbaum Associates, Inc}
}

@book{Chowdhary:2020:fundamentals-AI,
  title={Fundamentals of Artificial Intelligence},
  author={Chowdhary, K.R.},
  url={https://books.google.fr/books?id=8SfbDwAAQBAJ},
  year={2020},
  publisher={Springer},
  doi = {10.1007/978-81-322-3972-7},
  isbn={978-81-322-3970-3}
}


@book{Date:2005:Database-in-Depth,
  author =	 {Date, C. J.},
  title =	 {Database in Depth: Relational Theory for
                  Practitioners},
  year =	 2005,
  isbn =	 0596100124,
  publisher =	 {O'Reilly Media, Inc.},
}

@Book{Fisher:2005:embedded-computing,
  title =	 {Embedded computing: a VLIW approach to architecture,
                  compilers and tools},
  author =	 {Fisher, Joseph A and Faraboschi, Paolo and Young,
                  Cliff},
  year =	 2005,
  isbn =	 {1-55860-766-8-90000},
  publisher =	 {Elsevier}
}

@book{Fowler:2010:domain,
  title =	 {Domain-specific languages},
  author =	 {Fowler, Martin},
  year =	 2010,
  isbn =	 {978-0-321-71294-3},
  publisher =	 {Pearson Education}
}

@book{Gabbay:2013:handbook,
  title =	 {Handbook of defeasible reasoning and uncertainty
                  management systems: algorithms for uncertainty and
                  defeasible reasoning},
  author =	 {Gabbay, Dov M and Smets, Philippe},
  volume =	 5,
  year =	 2013,
  isbn =	 {0-7923-6672-7},
  publisher =	 {Springer Science \& Business Media}
}

@book{Gustedt:2019:modernC,
  title =	 {modern {C}},
  author =	 {Gustedt, Jan},
  year =	 2019,
  publisher =	 {Manning},
  url =		 {https://modernc.gforge.inria.fr/},
  isbn =	 {978-161-729-581-2}
}

@article{Hakuk:2020:Automatic-discovery,
  title =	 "Automated discovery of scientific concepts:
                  Replicating three recent discoveries in mechanics",
  journal =	 "Advanced Engineering Informatics",
  volume =	 44,
  pages =	 101080,
  year =	 2020,
  issn =	 "1474-0346",
  doi =		 "https://doi.org/10.1016/j.aei.2020.101080",
  url =
                  "http://www.sciencedirect.com/science/article/pii/S1474034620300495",
  author =	 {Yaron Hakuk and Yoram Reich},
  keywords =	 "Interdisciplinary engineering knowledge genome,
                  Knowledge discovery, Scientific discovery, Truss
                  mechanism duality, Knowledge-based discovery"
}

@article{Han:2021:trust-intelligent-machines,
  title =	 {When to (or not to) trust intelligent machines:
                  Insights from an evolutionary game theory analysis
                  of trust in repeated games},
  journal =	 {Cognitive Systems Research},
  year =	 2021,
  issn =	 {1389-0417},
  doi =		 {https://doi.org/10.1016/j.cogsys.2021.02.003},
  url =
                  {https://www.sciencedirect.com/science/article/pii/S138904172100022X},
  author =	 {The Anh Han and Cedric Perret and Simon T. Powers},
  keywords =	 {Trust, evolutionary game theory, intelligent agents,
                  cooperation, prisoner’s dilemma, repeated games},
  abstract =	 {The actions of intelligent agents, such as chatbots,
                  recommender systems, and virtual assistants are
                  typically not fully transparent to the
                  user. Consequently, users take the risk that such
                  agents act in ways opposed to the users’ preferences
                  or goals. It is often argued that people use trust
                  as a cognitive shortcut to reduce the complexity of
                  such interactions. Here we formalise this by using
                  the methods of evolutionary game theory to study the
                  viability of trust-based strategies in repeated
                  games. These are reciprocal strategies that
                  cooperate as long as the other player is observed to
                  be cooperating. Unlike classic reciprocal
                  strategies, once mutual cooperation has been
                  observed for a threshold number of rounds they stop
                  checking their co-player’s behaviour every round,
                  and instead only check it with some probability. By
                  doing so, they reduce the opportunity cost of
                  verifying whether the action of their co-player was
                  actually cooperative.  We demonstrate that these
                  trust-based strategies can outcompete strategies
                  that are always conditional, such as Tit-for-Tat,
                  when the opportunity cost is non-negligible. We
                  argue that this cost is likely to be greater when
                  the interaction is between people and intelligent
                  agents, because of the reduced transparency of the
                  agent. Consequently, we expect people to use
                  trust-based strategies more frequently in
                  interactions with intelligent agents. Our results
                  provide new, important insights into the design of
                  mechanisms for facilitating interactions between
                  humans and intelligent agents, where trust is an
                  essential factor.}
}

@book{Harrison:2009:handbook-logic-automated-reasoning,
  title =	 {Handbook of practical logic and automated reasoning},
  author =	 {Harrison, John},
  year =	 2009,
  isbn =	 {978-0-521-89957-4},
  publisher =	 {Cambridge University Press},
  numpages =	 681
}

@Article{Heder:2017:TRL,
  author =	 {Héder, Mihály},
  title =	 {From {NASA} to {EU}: the evolution of the {TRL}
                  scale in Public Sector Innovation},
  journal =	 {Innovation Journal},
  year =	 2017,
  url =		 {https://core.ac.uk/download/pdf/94310086.pdf},
  volume =	 22,
  number =	 2,
  pages =	 {1-23}
}

@Book{Hofstadter:1979:GEB,
  author =	 {Hofstadter, Douglas R.},
  title =	 {Gödel, Escher, Bach: An Eternal Golden Braid},
  year =	 1979,
  isbn =	 0465026850,
  publisher =	 {Basic Books, Inc.},
  address =	 {New York, NY, USA},
}

@book{Jena:2020:automated-testing,
  title =	 {Automated Software Testing: Foundations,
                  Applications and Challenges},
  author =	 {Jena, Ajay Kumar and Das, Himansu and Mohapatra,
                  Durga Prasad},
  year =	 2020,
  isbn =	 {978-981-15-2454-1},
  publisher =	 {Springer Nature}
}

@article{Jia:2020:rule-based-surrogate-model,
  title =	 "A rule-based method for automated surrogate model
                  selection",
  journal =	 "Advanced Engineering Informatics",
  volume =	 45,
  year =	 2020,
  pages =	 "101-123",
  issn =	 "1474-0346",
  doi =		 "https://doi.org/10.1016/j.aei.2020.101123",
  author =	 {Liangyue, Jia and Reza, Alizadeh and Jia, Hao and
                  Guoxin, Wang and Allen, Janet K. and Mistree,
                  Farrokh},
  url =
                  "http://www.sciencedirect.com/science/article/pii/S1474034620300926"
}

@Book{Kahneman:2011:thinking-fast-slow,
  title =	 {Thinking, fast and slow},
  author =	 {Kahneman, Daniel},
  year =	 2011,
  isbn =	 {978-0-374-53355-7},
  publisher =	 {Macmillan}
}

@article{Khan:2016-GSEPIM,
  author =	 {Khan, Arif Ali and Keung, Jacky and Niazi, Mahmood
                  and Hussain, Shahid and Shameem, Mohammad},
  title =	 {GSEPIM: A roadmap for software process assessment
                  and improvement in the domain of global software
                  development},
  journal =	 {Journal of Software: Evolution and Process},
  volume =	 31,
  number =	 1,
  keywords =	 {global software development, GSEPIM, software
                  process improvement, SPI challenges, systematic
                  literature review},
  doi =		 {10.1002/smr.1988},
  url =
                  {https://onlinelibrary.wiley.com/doi/abs/10.1002/smr.1988},
  eprint =
                  {https://onlinelibrary.wiley.com/doi/pdf/10.1002/smr.1988},
  note =	 {e1988 JSME-18-0098.R1},
  abstract =	 {Abstract Software development firms have begun
                  adopting the practice of global software development
                  (GSD). The main reason for the shift toward
                  globalization is the various benefits received by
                  software development firms. However, there are
                  several issues faced by GSD organizations,
                  particularly those associated with software process
                  improvement (SPI). It has been noticed that a formal
                  process improvement approach could assist in
                  successfully executing development activities in
                  GSD. The core objective of this research work is to
                  develop a global software engineering process
                  improvement model (GSEPIM) to assess and improve
                  software process activities in a GSD
                  environment. The proposed model will be developed
                  based on existing models in other domains, an
                  empirical study conducted with GSD practitioners,
                  and an understanding of critical success factors and
                  challenges of SPI. In this study, the first step in
                  the development of GSEPIM is completed by
                  identifying the challenges of SPI in GSD and
                  presenting a solution in the form of a robust
                  framework.},
  year =	 2019
}

@inproceedings{Khelifati:2021:vadetis,
  title =	 {{VADETIS}: An Explainable Evaluator for Anomaly
                  Detection Techniques},
  author =	 {Khelifati, Abdelouahab and Khayati, Mourad and
                  Cudr{\'e}-Mauroux, Philippe and H{\"a}nni, Adrian
                  and Liu, Qian and Hauswirth, Manfred},
  booktitle =	 {37\textsuperscript{th} International Conference on
                  Data Enginneering},
  year =	 2021,
  url =
                  {https://exascale.info/assets/pdf/vadetis-icde2021.pdf}
}

@book{Klabnik:2018:Rust,
author = {Klabnik, Steve and Nichols, Carol},
title = {The Rust Programming Language},
year = {2018},
isbn = {1593278284},
publisher = {No Starch Press},
address = {USA}
}

@article{Lauriere:1986:snark,
  title =	 {{SNARK}, un langage d{\'e}claratif},
  author =	 {Laurière, Jean-Louis},
  journal =	 {TSI},
  volume =	 5,
  number =	 3,
  pages =	 {141--172},
  year =	 1986
}

@article{Lenat:1983:Eurisko,
  author =	 {Lenat, Douglas B.},
  title =	 {Eurisko: A Program That Learns New Heuristics and
                  Domain Concepts},
  journal =	 {Artif. Intell.},
  issue_date =	 {March, 1983},
  volume =	 21,
  number =	 {1-2},
  month =	 mar,
  year =	 1983,
  issn =	 {0004-3702},
  pages =	 {61--98},
  numpages =	 38,
  url =		 {http://dx.doi.org/10.1016/S0004-3702(83)80005-8},
  doi =		 {10.1016/S0004-3702(83)80005-8},
  acmid =	 1644660,
  publisher =	 {Elsevier Science Publishers Ltd.},
  address =	 {Essex, UK},
}

@article{Lenat:1983:theory,
  title =	 {Theory formation by heuristic search: The nature of
                  heuristics II: background and examples},
  author =	 {Lenat, Douglas B},
  journal =	 {Artificial Intelligence},
  volume =	 21,
  number =	 {1-2},
  pages =	 {31--59},
  year =	 1983,
  url =
                  {https://blog.funcall.org/docs/am-eurisko/Heuristics_II.pdf},
  publisher =	 {Elsevier}
}

@article{Lenat:1991:ev-cycl,
  author =	 {Lenat, Douglas B. and Guha, R. V.},
  title =	 {The Evolution of CycL, the Cyc Representation
                  Language},
  journal =	 {SIGART Bull.},
  issue_date =	 {June 1991},
  volume =	 2,
  number =	 3,
  month =	 jun,
  year =	 1991,
  issn =	 {0163-5719},
  pages =	 {84--87},
  numpages =	 4,
  url =		 {http://doi.acm.org/10.1145/122296.122308},
  doi =		 {10.1145/122296.122308},
  acmid =	 122308,
  publisher =	 {ACM},
  address =	 {New York, NY, USA},
}

@techreport{Lerner-Tirole:2000:economics-open-source,
  title =	 "The Simple Economics of Open Source",
  author =	 "Lerner, Josh and Tirole, Jean",
  institution =	 "National Bureau of Economic Research",
  type =	 "Working Paper",
  series =	 "Working Paper Series",
  number =	 7600,
  year =	 2000,
  month =	 "March",
  doi =		 {10.3386/w7600},
  URL =		 "http://www.nber.org/papers/w7600",
  abstract =	 {There has been a recent surge of interest in open
                  source software development, which involves
                  developers at many different locations and
                  organizations sharing code to develop and refine
                  programs.  To an economist, the behavior of
                  individual programmers and commercial companies
                  engaged in open source projects is initially
                  startling. This paper makes a preliminary
                  exploration of the economics of open source
                  software. We highlight the extent to which labor
                  economics, especially the literature on career
                  concerns,' can explain many of these projects'
                  features.  Aspects of the future of open source
                  development process, however, remain somewhat
                  difficult to predict with off-the-shelf' economic
                  models.},
}

@article{Masters-Sardina:2021:goal-recognition,
  author =	 {Masters, Peta and Sardina, Sebastian},
  title =	 {Expecting the unexpected: Goal recognition for
                  rational and irrational agents},
  journal =	 {Artificial Intelligence},
  number =	 103490,
  month =	 feb,
  year =	 2021,
  url =		 {https://doi.org/10.1016/j.artint.2021.103490},
  publisher =	 {Elsevier}
}

@book{Mirjalili:2019:evolutionary-machine-learning,
  title={Evolutionary machine learning techniques},
  author={Mirjalili, Seyedali and Faris, Hossam and Aljarah, Ibrahim},
  year={2019},
  isbn={978-981-32-9989-4},
  publisher={Springer}
}

@book{Nilsson:2009:quest-ai,
  title =	 {The quest for artificial intelligence},
  author =	 {Nilsson, Nils J},
  year =	 2009,
  isbn =	 {978-0-521-12293-1},
  publisher =	 {Cambridge University Press}
}

@InProceedings{Pitrat:1982:decr-conn-decl,
title = {Un langage pour décrire les connaissances déclaratives},
author = {Pitrat, Jacques},
booktitle = {Colloque Intelligence Artificielle - utilisation de connaissances déclaratives},
year = 1982,
month = {sept.},
pages = {121-148},
organization = {CNRS, LIP6, GR22}
}

@Article{Pitrat:1996:FGCS,
  title =	 "Implementation of a reflective system",
  journal =	 "Future Generation Computer Systems",
  volume =	 12,
  number =	 2,
  pages =	 "235 - 242",
  year =	 1996,
  issn =	 "0167-739X",
  doi =		 "https://doi.org/10.1016/0167-739X(96)00011-8",
  url =
                  "http://www.sciencedirect.com/science/article/pii/0167739X96000118",
  author =	 "Jacques Pitrat",
  keywords =	 "Reflectivity, Metaknowledge, Bootstrap"
}

@TechReport{Pitrat:2009:AST,
  title =	 {A Step toward an Artificial Artificial Intelligence
                  Scientist},
  author =	 {Jacques Pitrat},
  url =
                  {https://pdfs.semanticscholar.org/2117/9600b3f05c0af399f9acbfc6e7b6d24daf03.pdf},
  institution =	 {CNRS and LIP6 Université Paris},
  year =	 2009
}

@Book{Pitrat:2009:ArtifBeings,
  author =	 {Pitrat, Jacques},
  title =	 {Artificial Beings: The Conscience of a Conscious
                  Machine},
  year =	 2009,
  isbn =	 {978-1-848-21101-8},
  publisher =	 {Wiley ISTE}
}

@Misc{Pitrat:blog,
  author =	 {Pitrat, Jacques},
  title =	 {My view on Artificial Intelligence},
  howpublished = {blog},
  year =	 {2013-2019},
  url =
                  {http://bootstrappingartificialintelligence.fr/WordPress3/}
}

@Book{Queinnec:1996:LSP,
  author =	 {Queinnec, Christian},
  title =	 {Lisp in Small Pieces},
  year =	 1996,
  isbn =	 {0-521-56247-3},
  url =
                  {https://pages.lip6.fr/Christian.Queinnec/WWW/LiSP.html},
  publisher =	 {Cambridge University Press},
  address =	 {New York, NY, USA},
}

@article{Queinnec:2004:ContinWeb,
  author =	 {Queinnec, Christian},
  title =	 {Continuations and Web Servers},
  journal =	 {Higher Order Symbol. Comput.},
  issue_date =	 {December 2004},
  volume =	 17,
  number =	 4,
  month =	 dec,
  year =	 2004,
  issn =	 {1388-3690},
  pages =	 {277--295},
  numpages =	 19,
  url =		 {https://core.ac.uk/download/pdf/81910787.pdf},
  doi =		 {10.1007/s10990-004-4866-z},
  acmid =	 1050625,
  publisher =	 {Kluwer Academic Publishers},
  address =	 {Hingham, MA, USA},
  keywords =	 {WWW, continuations, hypertext, scheme},
}

@Book{Queinnec:2007:PrincipesLisp,
  author =	 {Queinnec, Christian},
  title =	 {Principes d’implantation de Scheme et Lisp},
  year =	 2007,
  publisher =	 {Paracamplus},
  isbn =	 {978-2-916466-03-3}
}

@inproceedings{Rafkind:2009:PreciseGC,
  author =	 {Rafkind, Jon and Wick, Adam and Regehr, John and
                  Flatt, Matthew},
  title =	 {Precise Garbage Collection for C},
  booktitle =	 {Proceedings of the 2009 International Symposium on
                  Memory Management},
  series =	 {ISMM '09},
  year =	 2009,
  isbn =	 {978-1-60558-347-1},
  location =	 {Dublin, Ireland},
  pages =	 {39--48},
  numpages =	 10,
  url =		 {http://doi.acm.org/10.1145/1542431.1542438},
  doi =		 {10.1145/1542431.1542438},
  acmid =	 1542438,
  publisher =	 {ACM},
  address =	 {New York, NY, USA},
  keywords =	 {accurate, c programming language, conservative,
                  garbage collection, precise},
}

@article{Reynolds:1993:continuations,
  author =	 {Reynolds, John C.},
  title =	 {The Discoveries of Continuations},
  journal =	 {Lisp \& Symbolic Computation},
  issue_date =	 {Nov. 1993},
  volume =	 6,
  number =	 {3-4},
  month =	 nov,
  year =	 1993,
  issn =	 {0892-4635},
  pages =	 {233--248},
  numpages =	 16,
  url =		 {http://dx.doi.org/10.1007/BF01019459},
  doi =		 {10.1007/BF01019459},
  acmid =	 198114,
  publisher =	 {Kluwer Academic Publishers},
  address =	 {Hingham, MA, USA},
  keywords =	 {continuation, continuation-passing style, semantics},
}

@PhdThesis{Starynkevitch-1990-EUM,
  author =	 {Starynkevitch, Basile},
  title =	 {Expliciter et utiliser les données et le contrôle
                  pour les connaissances par des metaconnaissances :
                  systèmes \textsc{eum1} et \textsc{eum2}},
  school =	 {Université Paris 6 - LIP6},
  year =	 1990,
  month =	 {december},
  url =		 {http://www.theses.fr/1990PA066799},
  note =	 {{\small [explicitation and use of data and control
                  for knowledge with metaknowledge : the \textsc{eum1}
                  and \textsc{eum2} systems]}}
}

@Misc{Starynkevitch-JDLL-2025,
  author = 	 {Starynkevitch, Basile},
  title = 	 {Le projet RefPerSys},
  howpublished = {presentation at Journées du Logiciel libre 2025},
  month = 	 {may},
  year = 	 2025,
  url = {http://refpersys.org/jdll2025-RefPerSys-Starynkevitch.pdf},
  annote = 	 {{\small [presented at Frenh days on open source software, Lyon]}}
}

@inproceedings{Starynkevitch-DSL2011,
  author =	 {{Starynkevitch}, Basile},
  title =	 {{MELT} - a Translated Domain Specific Language
                  Embedded in the {GCC} Compiler},
  booktitle =	 {DSL2011 IFIP conf.},
  year =	 2011,
  journal =	 {ArXiv e-prints},
  archivePrefix ="arXiv",
  eprint =	 {1109.0779},
  primaryClass = "cs.PL",
  keywords =	 {Computer Science - Programming Languages, Computer
                  Science - Software Engineering, D.3.4, D.1.1, D.2.4,
                  D.3.2},
  month =	 sep,
  url =		 {http://adsabs.harvard.edu/abs/2011arXiv1109.0779S},
  address =	 {Bordeaux (France)}
}

@Misc{Starynkevitch-GCCMELTweb,
  author =	 {Starynkevitch, Basile},
  title =	 {{GCC MELT} website (archive)},
  url =		 {http://starynkevitch.net/Basile/gcc-melt/},
  year =	 {2008-2016},
  note =	 {(archive of the old \texttt{gcc-melt.org} site)}
}

@InProceedings{Starynkevitch:1988:PAF,
  author =	 {Starynkevitch, Dimitri},
  title =	 {Un langage de la {SEA} - la programmation sur
                  {CAB500}. {PAF} = {Programmation Automatique des
                  Formules}},
  booktitle =	 {Colloque sur l'Histoire de l'Informatique en France},
  year =	 1988,
  editor =	 {P.Chatelin},
  volume =	 2,
  pages =	 {425-430},
  month =	 {mai},
  isbn =	 {2-9502887-0-7},
  organization = {AFCET}
}

@InProceedings{Starynkevitch:2007:Multistage,
  author =	 {Starynkevitch, Basile},
  title =	 {Multi-Stage Construction of a Global Static
                  Analyzer},
  year =	 2007,
  month =	 {july},
  pages =	 {143-152},
  booktitle =	 {GCC summit},
  address =	 {Ottawa, Canada},
  url =
                  {http://starynkevitch.net/basile/gccsummit2007-starynkevitch.pdf},
  organization = {GCC}
}

@InProceedings{Starynkevitch:2009:grow,
  title =	 {A {Middle End Lisp Translator} for {GCC}},
  author =	 {Starynkevitch, Basile},
  year =	 2009,
  booktitle =	 {GCC Research Opportunities workshop},
  url =
                  {http://www.doc.ic.ac.uk/~phjk/GROW09/papers/01-MELT-Starynkevitch.pdf}
}

@TechReport{Starynkevitch:2019:bismon-draft,
  author =	 {Starynkevitch, Basile},
  title =	 {Specialized Static Analysis tools for more secure
                  and safer {IoT} software development. Bismon
                  documentation},
  institution =	 {CEA/LIST},
  year =	 2019,
  month =	 {oct.},
  note =	 {work in progress, H2020 draft deliverable},
  url =
                  {http://starynkevitch.net/Basile/bismon-chariot-doc.pdf}
}

@book{Stratonovich:2020:theory-information,
  title =	 {Theory of Information and its Value},
  author =	 {Stratonovich, Ruslan L},
  year =	 2020,
  isbn =	 {978-3-030-22832-3},
  publisher =	 {Springer Nature}
}

@inproceedings{Tschudin:2005:HarnessingSC,
  title =	 {Harnessing Self-modifying Code for Resilient
                  Software},
  author =	 {Christian F. Tschudin and Lidia Yamamoto},
  booktitle =	 {WRAC},
  year =	 2005
}

@book{Weber:2004:SuccessOpenSource,
  author =	 {Weber, Steven},
  title =	 {The Success of Open Source},
  year =	 2004,
  isbn =	 0674012925,
  publisher =	 {Harvard University Press},
  address =	 {Cambridge, MA, USA},
}

@book{Zhou:2015:constraint,
  title =	 {Constraint solving and planning with Picat},
  author =	 {Zhou, Neng-Fa and Kjellerstrand, H{\aa}kan and
                  Fruhman, Jonathan},
  year =	 {2015-2020},
  url =
                  {http://picat-lang.org/picatbook2015/constraint_solving_and_planning_with_picat.pdf},
  publisher =	 {Springer}
}

@inproceedings{abadi:1995:imperative,
  title =	 {An imperative object calculus},
  author =	 {Abadi, Mart{\'\i}n and Cardelli, Luca},
  booktitle =	 {Colloquium on Trees in Algebra and Programming},
  pages =	 {469--485},
  year =	 1995,
  url =
                  {http://lucacardelli.name/Papers/PrimObjImpSIPL.A4.pdf},
  organization = {Springer}
}

@book{abadi:2012:theory-objects,
  title =	 {A theory of objects},
  author =	 {Abadi, Martin and Cardelli, Luca},
  year =	 2012,
  publisher =	 {Springer Science \& Business Media}
}

@book{abelson:1996:sicp,
  title =	 {Structure and interpretation of computer programs},
  author =	 {Abelson, Harold and Sussman, Gerald Jay and Sussman,
                  Julie},
  year =	 1996,
  url =
                  {https://mitpress.mit.edu/sites/default/files/sicp/index.html},
  publisher =	 {Justin Kelly}
}

@article{appel:1991:garbage,
  title =	 {Garbage collection},
  author =	 {Appel, Andrew W},
  journal =	 {Topics in Advanced Language Implementation},
  pages =	 {89--100},
  url =		 {http://flint.cs.yale.edu/cs421/papers/Appel-GC.ps},
  year =	 1991
}

@book{appel:2007:compiling,
  title={Compiling with continuations},
  author={Appel, Andrew W.},
  year={2007},
  isbn={978-0521416955},
  publisher={Cambridge university press}
}

@article{baker:1995:cons,
  title =	 {{CONS} should not {CONS} its arguments, part II:
                  Cheney on the MTA},
  author =	 {Baker, Henry G},
  journal =	 {ACM Sigplan Notices},
  volume =	 30,
  number =	 9,
  pages =	 {17--20},
  year =	 1995,
  url =		 {http://home.pipeline.com/~hbaker1/CheneyMTA.pdf},
  publisher =	 {ACM}
}

@TechReport{barney:2010:pthreads,
  author =	 {Blaise Barney},
  title =	 {\textsc{Posix} Threads Programming},
  institution =	 {Lawrence Livermore National Laboratory},
  year =	 2010,
  url =		 {https://computing.llnl.gov/tutorials/pthreads/}
}

@book{bertot:2013:interactive-theorem-proving,
  title =	 {Interactive theorem proving and program development:
                  {Coq’Art}: the calculus of inductive constructions},
  author =	 {Bertot, Yves and Cast{\'e}ran, Pierre},
  year =	 2013,
  isbn =	 {3-540-20854-2},
  publisher =	 {Springer Science \& Business Media}
}

@article{boehm:1988:spiral,
  title =	 {A spiral model of software development and
                  enhancement},
  author =	 {Boehm, Barry W},
  journal =	 {Computer},
  pages =	 {61--72},
  year =	 1988,
  publisher =	 {IEEE}
}

@phdthesis{boender:2011:etude,
  title =	 {{\'E}tude formelle des distributions de logiciel
                  libre},
  author =	 {Boender, Jaap},
  year =	 2011,
  school =	 {PhD thesis, Universit{\'e} Paris Diderot—Paris 7}
}

@book{boi:2005:geometries,
  title =	 {Geometries of nature, living systems and human
                  cognition: new interactions of mathematics with
                  natural sciences and humanities},
  author =	 {Boi, Luciano},
  year =	 2005,
  isbn =	 {981-256-474-8},
  publisher =	 {World scientific}
}

@inproceedings{briot:1987:uniform,
  title =	 {A Uniform Model for Object-Oriented Languages Using
                  the Class Abstraction.},
  author =	 {Briot, Jean-Pierre and Cointe, Pierre},
  booktitle =	 {IJCAI},
  volume =	 87,
  pages =	 {40--43},
  url =
                  {https://pdfs.semanticscholar.org/737c/69fc33a7ff6232a59556bdc9cc98f58f7a5a.pdf},
  year =	 1987
}

@book{butenhof:1997:programming,
  title =	 {Programming with POSIX threads},
  author =	 {Butenhof, David R},
  year =	 1997,
  publisher =	 {Addison-Wesley Professional}
}

@Book{cardon:2018:audela-IA,
  author =	 {Cardon, Alain},
  title =	 {Au-delà de l'intelligence artificielle - de la
                  conscience humaine à la conscience artificielle},
  publisher =	 {ISTE},
  year =	 2018,
  isbn =	 {978-1-78405-508-0}
}

@article{chambers:1991:efficient,
  title =	 {An efficient implementation of {SELF}, a
                  dynamically-typed object-oriented language based on
                  prototypes},
  author =	 {Chambers, Craig and Ungar, David and Lee, Elgin},
  journal =	 {Lisp and symbolic computation},
  volume =	 4,
  number =	 3,
  pages =	 {243--281},
  year =	 1991,
  url =
                  {http://bibliography.selflanguage.org/_static/implementation.pdf},
  publisher =	 {Springer}
}

@phdthesis{chambers:1992:design-SELF,
  title={The design and implementation of the {SELF} compiler, an optimizing compiler for object-oriented programming languages},
  author={Chambers, Craig},
  year={1992},
  school={Stanford University, Department of Computer Science}
}

@article{chang:2012:cyclic-refcount,
  title={Cyclic reference counting by typed reference fields},
  author={Chang, J Morris and Chen, Wei-Mei and Griffin, Paul A and Cheng, Ho-Yuan},
  journal={Computer Languages, Systems \& Structures},
  volume={38},
  number={1},
  pages={98--107},
  year={2012},
  url={http://home.engineering.iastate.edu/~morris/papers/12/RC_chang_12.pdf},
  publisher={Elsevier}
}

@book{chapoutot:2020:libres-obeir,
  title =	 {Libres d'obéir : le management, du nazisme à
                  aujourd'hui},
  publisher =	 {Gallimard},
  author =	 {Chapoutot, Johann},
  year =	 2020,
  isbn =	 {978-2-07-278924-3}
}

@book{charniak:2019:deep-learning,
  title =	 {Introduction to deep learning},
  author =	 {Charniak, Eugene},
  year =	 2019,
  isbn =	 {978-0-262-03951-2},
  publisher =	 {The MIT Press}
}

@book{chaumartin:2020:trait-autom-langues,
  title =	 {Le traitement automatique des langues},
  author =	 {Chaumartin, François-Regis and Lemberger, Pirmin},
  year =	 2020,
  publisher =	 {Dunod},
  isbn =	 {978-2-10-080188-6}
}

@misc{chazal:2016:high,
  title =	 {High-dimensional topological data analysis},
  author =	 {Chazal, Fr{\'e}d{\'e}ric},
  url =		 {https://hal.inria.fr/hal-01316989/document},
  year =	 2016
}

@article{chen:2021:techniques-ml,
  title =	 {Techniques for automated machine learning},
  author =	 {Chen, Yi-Wei and Song, Qingquan and Hu, Xia},
  journal =	 {ACM SIGKDD Explorations Newsletter},
  volume =	 22,
  number =	 2,
  pages =	 {35--50},
  year =	 2021,
  url =
                  {https://www.kdd.org/exploration_files/7._CR._27._Techniques_for_Automated_Machine_Learning-2.pdf},
  publisher =	 {ACM New York, NY, USA}
}

@book{christian:2016:algorithms,
  title =	 {Algorithms to live by: The computer science of human
                  decisions},
  author =	 {Christian, Brian and Griffiths, Tom},
  year =	 2016,
  isbn =	 {978-0-00-754799-9},
  publisher =	 {Macmillan}
}

@inproceedings{cointe:1987:metaclasses,
  title =	 {Metaclasses are first class: the \textsc{ObjVlisp}
                  model},
  author =	 {Cointe, Pierre},
  booktitle =	 {ACM Sigplan Notices},
  volume =	 22,
  number =	 12,
  pages =	 {156--162},
  year =	 1987,
  url =
                  {https://www.researchgate.net/profile/Pierre_Cointe/publication/221320901_Metaclasses_are_First_Class_the_ObjVlisp_Model/links/5422e2d50cf290c9e3ae2016/Metaclasses-are-First-Class-the-ObjVlisp-Model.pdf},
  organization = {ACM}
}

@book{cormen:2009:introduction,
  title =	 {Introduction to algorithms},
  author =	 {Cormen, Thomas H and Leiserson, Charles E and
                  Rivest, Ronald L and Stein, Clifford},
  year =	 2009,
  publisher =	 {MIT press}
}

@Book{cormen:2010:algorithmique,
  title =	 {Algorithmique: cours avec 957 exercices et 158
                  probl{\`e}mes},
  author =	 {Cormen, Thomas H and Leiserson, Charles Eric and
                  Rivest, Ronald L and Stein, Clifford},
  year =	 2010,
  isbn =	 {978-2-10-054526-1},
  publisher =	 {Dunod}
}

@PhdThesis{couture:2012:code-source,
  author =	 {Couture, Stéphane},
  title =	 {Le code source informatique comme artefact dans les
                  reconfigurations d'Internet},
  school =	 {Université du Québec à Montreal \& Télécom
                  ParisTech},
  year =	 2012,
  url =		 {https://core.ac.uk/download/pdf/10801537.pdf}
}

@inproceedings{dearle:2009:orthogonal,
  title =	 {Orthogonal persistence revisited},
  author =	 {Dearle, Alan and Kirby, Graham NC and Morrison, Ron},
  booktitle =	 {International Conference on Object Databases},
  pages =	 {1--22},
  year =	 2009,
  organization = {Springer}
}

@book{dehaene:2018-histoire-intelligence,
  title={La plus belle histoire de l'intelligence: des origines aux neurones artificiels: vers une nouvelle {\'e}tape de l'{\'e}volution},
  author={Dehaene, Stanislas and {Le Cun}, Yann, and Girardon, Jacques},
  year={2018},
  publisher={Robert Laffont},
  isbn={978-2-7578-7791-3}
}

@book{delannoy:2016:programmer,
  title =	 {Programmer en {C++} moderne},
  author =	 {Delannoy, Claude},
  year =	 2019,
  isbn =	 {978-2-212-67895-2},
  publisher =	 {Editions Eyrolles}
}

@book{deneault:2016:politiques,
  title =	 {Politiques de l'extr{\^e}me centre},
  author =	 {Deneault, Alain},
  year =	 2016,
  publisher =	 {Lux {\'e}diteur}
}

@inproceedings{dormoy:1992:meta,
  title =	 {Meta-knowledge, autonomy, and (artificial)
                  evolution: some lessons learnt so far},
  author =	 {Dormoy, Jean-Luc and Kornman, Sylvie},
  booktitle =	 {Toward a Practice of Autonomous Systems: Proceedings
                  of the First European Conference on Artificial Life},
  pages =	 392,
  year =	 1992,
  url =		 {http://dormoy.org/JLuc/Papers/ECAL91.pdf},
  organization = {MIT Press}
}

@book{dreo:2003:metaheuristiques,
  title =	 {M{\'e}taheuristiques pour l'optimisation difficile},
  author =	 {Dr{\'e}o, Johann and P{\'e}trowski, Alain and
                  Siarry, Patrick and Taillard, Eric},
  year =	 2003,
  isbn =	 {3-212-11368-4},
  publisher =	 {Eyrolles}
}

@TechReport{drepper:2011:write-shared-lib,
  title =	 {How to write shared libraries},
  author =	 {Drepper, Ulrich},
  url =		 {https://www.akkadia.org/drepper/dsohowto.pdf},
  year =	 2011
}

@book{duckett:2014:javascript-jquery,
  title={{JavaScript} \& {jQuery}: interactive front-end web development},
  author={Duckett, Jon and Ruppert, Gilles and Moore, Jack},
  year={2014},
  isbn={978-1-118-53164-8},
  publisher={Wiley}
}

@book{fajstrup:2016:directed,
  title =	 {Directed algebraic topology and concurrency},
  author =	 {Fajstrup, Lisbeth and Goubault, Eric and Haucourt,
                  Emmanuel and Mimram, Samuel and Raussen, Martin},
  volume =	 138,
  year =	 2016,
  publisher =	 {Springer}
}

@book{flach:2012:machine-learning,
  place =	 {Cambridge},
  title =	 {Machine Learning: The Art and Science of Algorithms
                  that Make Sense of Data},
  DOI =		 {10.1017/CBO9780511973000},
  publisher =	 {Cambridge University Press},
  author =	 {Flach, Peter},
  year =	 2012
}

@inproceedings{fonseca:2020:state-reproducible,
  title =	 {The state of reproducible research in computer
                  science},
  author =	 {Fonseca Cacho, Jorge Ram{\'o}n and Taghva, Kazem},
  booktitle =	 {17th International Conference on Information
                  Technology--New Generations (ITNG 2020)},
  pages =	 {519--524},
  year =	 2020,
  organization = {Springer}
}

@TechReport{fouet-starynkevitch:describing-control:1987,
  author =	 {Fouet, Jean-Marc and Starynkevitch, Basile},
  title =	 {Describing control},
  institution =	 {CEA},
  year =	 1987,
  url =
                  {https://inis.iaea.org/collection/NCLCollectionStore/\_Public/19/059/19059867.pdf},
  number =	 {FR8801379/CEA-CONF--9239},
  month =	 {august},
  annote =	 {has been submitted to 10\textsuperscript{th} IJCAI}
}

@article{futamura:1999:partial-evaluation,
  title =	 {Partial evaluation of computation process--an
                  approach to a compiler-compiler},
  author =	 {Futamura, Yoshihiko},
  journal =	 {Higher-Order and Symbolic Computation},
  volume =	 12,
  number =	 4,
  pages =	 {381--391},
  year =	 1999,
  publisher =	 {Springer}
}

@book{goodman:2003:javascript-dhtml,
  title={JavaScript \& DHTML Cookbook: Solutions and Example for Web Programmers},
  author={Goodman, Danny},
  year={2003},
  publisher={O'Reilly Media}
}

@book{graeber:2018:bullshit-jobs,
  title =	 {Bullshit jobs: the rise of pointless work, and what
                  we can do about it},
  author =	 {Graeber, David},
  year =	 2019,
  publisher =	 {Penguin}
}

@inproceedings{greiner:1980:representation,
  title =	 {A Representation Language Language},
  author =	 {Greiner, Russell and Lenat, Douglas B},
  booktitle =	 {AAAI},
  volume =	 1,
  pages =	 {165--169},
  url =		 {http://new.aaai.org/Papers/AAAI/1980/AAAI80-047.pdf},
  year =	 1980
}

@book{grune:2012:modern-compiler,
  title =	 {Modern compiler design},
  author =	 {Grune, Dick and Van Reeuwijk, Kees and Bal, Henri E
                  and Jacobs, Ceriel JH and Langendoen, Koen},
  year =	 2012,
  publisher =	 {Springer Science \& Business Media}
}

@inproceedings{hernandez-phillips:2019:debugging-bootstrap,
  TITLE =	 {{Challenges in Debugging Bootstraps of Reflective
                  Kernels}},
  AUTHOR =	 {Hern{\'a}ndez Phillips, Carolina and Polito,
                  Guillermo and Fabresse, Luc and Ducasse,
                  St{\'e}phane and Bouraqadi, Noury and Tesone, Pablo},
  URL =		 {https://hal.archives-ouvertes.fr/hal-02297710},
  BOOKTITLE =	 {{IWST19 - International workshop on Smalltalk
                  Technologies}},
  ADDRESS =	 {Cologne, Germany},
  YEAR =	 2019,
  MONTH =	 Aug,
  KEYWORDS =	 {IoT ; bootstrap ; language kernels},
  PDF =
                  {https://hal.archives-ouvertes.fr/hal-02297710/file/main.pdf},
  HAL_ID =	 {hal-02297710},
  HAL_VERSION =	 {v1},
}

@book{hindley:2008:lambda,
  title =	 {Lambda-calculus and Combinators, an Introduction},
  author =	 {Hindley, J Roger and Seldin, Jonathan P},
  volume =	 13,
  year =	 2008,
  publisher =	 {Cambridge University Press}
}

@book{hofstadter:2007:strange-loop,
  title =	 {I am a strange loop},
  author =	 {Hofstadter, Douglas R},
  year =	 2007,
  isbn =	 {978-0-465-03078-1},
  publisher =	 {Basic books}
}

@book{jones:2016:gchandbook,
  title =	 {The garbage collection handbook: the art of
                  automatic memory management},
  author =	 {Jones, Richard and Hosking, Antony and Moss, Eliot},
  year =	 2016,
  url =		 {http://gchandbook.org/},
  publisher =	 {{Chapman and Hall/CRC}}
}

@book{kaeli:2015:heterogeneous-opencl,
  title =	 {Heterogeneous computing with OpenCL 2.0},
  author =	 {Kaeli, David R and Mistry, Perhaad and Schaa, Dana
                  and Zhang, Dong Ping},
  year =	 2015,
  publisher =	 {Morgan Kaufmann}
}

@inproceedings{kay:1996:early-smalltalk,
  title =	 {The early history of Smalltalk},
  author =	 {Kay, Alan C},
  booktitle =	 {History of programming languages---II},
  pages =	 {511--598},
  year =	 1996,
  url =
                  {http://esug.org/data/HistoricalDocuments/Smalltalk80/SmalltalkHistory.pdf},
  organization = {ACM}
}

@article{kelsey:1998:r5rs,
  title =	 {Revised 5\textsuperscript{th} report on the
                  algorithmic language Scheme},
  author =	 {Kelsey, Richard and Clinger, William and Rees,
                  Jonathan and others},
  year =	 1998,
  url =		 {https://schemers.org/Documents/Standards/R5RS/},
  publisher =	 {Citeseer}
}

@article{kumar:2015:importance-expert-systems,
  title =	 {Importance of expert system shell in development of
                  expert system},
  author =	 {Kumar, Sanjay and Prasad, Rajkishore},
  journal =	 {International journal of innovative research \&
                  development},
  volume =	 4,
  number =	 3,
  pages =	 {128--133},
  year =	 2015,
  url =
                  "http://citeseerx.ist.psu.edu/viewdoc/download?doi=10.1.1.854.6373&rep=rep1&type=pdf",
  publisher =	 {Citeseer}
}

@book{laloux:2015:reinventing,
  title =	 {Reinventing Organizations: Vers des communaut{\'e}s
                  de travail inspir{\'e}es},
  author =	 {Laloux, Fr{\'e}d{\'e}ric},
  year =	 2015,
  isbn =	 {9-782354-56-1055},
  publisher =	 {Diateino}
}

@book{lano:2009:uml2,
  title =	 {UML 2 semantics and applications},
  author =	 {Lano, Kevin},
  year =	 2009,
  isbn =	 {978-0-470-40908-4},
  publisher =	 {Wiley Online Library}
}

@article{legrand:1995:mathematiques,
  title={Math{\'e}matiques, mythe ou r{\'e}alit{\'e}},
  author={Legrand, Marc},
  journal={Rep{\`e}res IREM},
  number=21,
  pages={111--139},
  url={http://irem-grenoble.edulibre.org/sites/irem-grenoble.edulibre.org/files/Maths_Mythe_ou_Realite.pdf},
  year=1995,
  annote = 	 {in French (mathematics, myth or reality)}
}

@book{levene:2012:relational-databases,
  title =	 {A guided tour of relational databases and beyond},
  author =	 {Levene, Mark and Loizou, George},
  year =	 2012,
  publisher =	 {Springer Science \& Business Media}
}

@Book{levine:1999:linkers-loaders,
  author =	 {Levine, John R.},
  title =	 {Linkers and loaders},
  publisher =	 {Morgan-Kauffman},
  year =	 1999,
  month =	 {october},
  isbn =	 {1-55860-496-0},
  url =		 {https://www.iecc.com/linker/}
}

@article{lozano:2019:combinatorial-regalloc,
  title={Combinatorial register allocation and instruction scheduling},
  author={Lozano, Roberto Casta{\~n}eda and Carlsson, Mats and Blindell, Gabriel Hjort and Schulte, Christian},
  journal={ACM Transactions on Programming Languages and Systems (TOPLAS)},
  volume={41},
  number={3},
  pages={1--53},
  year={2019},
  url={https://arxiv.org/pdf/1804.02452.pdf},
  publisher={ACM New York, NY, USA}
}

@inproceedings{matthews:2005:operational,
  title =	 {An operational semantics for R5RS Scheme},
  author =	 {Matthews, Jacob and Findler, Robert Bruce},
  booktitle =	 {Proceedings of the Sixth Workshop on Scheme and
                  Functional Programming},
  pages =	 {41--54},
  year =	 2005,
  url =
                  {http://citeseerx.ist.psu.edu/viewdoc/download?doi=10.1.1.118.9251&rep=rep1&type=pdf#page=47},
  organization = {Citeseer}
}

@article{mazur:2004:compile,
  title =	 {Compile-time garbage collection for the declarative
                  language \textsc{Mercury}},
  author =	 {Mazur, Nancy},
  url =		 {https://lirias.kuleuven.be/retrieve/77222},
  year =	 2004
}

@book{mitchell:2001:advanced-linux-prog,
  title= {Advanced Linux Programming},
  author={Mitchell, Mark and Oldham, Jeffrey and Samuel, Alex},
  year=2001,
  isbn={0-7357-1043-0},
  url={https://mentorembedded.github.io/advancedlinuxprogramming/alp-folder/advanced-linux-programming.pdf},
  publisher={New Rider Publishing}
}

@Book{mouronval:2011:jquery,
  author = 	 {Mouronval, Didier},
  title = 	 {{jQuery}, La bibliothèque qui simplifie l'interaction},
  publisher = 	 {Digit Books},
  annote = {{jQuery} library, simplifying interaction},
  year = 	 2011,
  isbn = {978-2815030106},
  month = {nov}}

@book{muller:2000:modelisation-UML,
  title =	 {Mod{\'e}lisation objet avec UML},
  author =	 {Muller, Pierre-Alain and Gaertner, Nathalie},
  volume =	 514,
  year =	 2000,
  isbn =	 {2-212-11397-8},
  publisher =	 {Eyrolles Paris}
}

@article{nigro:2008:meta,
  title =	 {The meta-inferences engine: A new tool to manipulate
                  metaknowledge},
  author =	 {Nigro, Jean-Marc and Barloy, Yann},
  journal =	 {Knowledge-Based Systems},
  volume =	 21,
  number =	 7,
  pages =	 {588--598},
  url =
                  {http://www.math.s.chiba-u.ac.jp/~yasuda/open2all/Paris06/IPMU2006/HTML/FINALPAPERS/P437.PDF},
  year =	 2008,
  publisher =	 {Elsevier}
}

@book{oneil:2016:weapons,
  title =	 {Weapons of math destruction: How big data increases
                  inequality and threatens democracy},
  author =	 {O'Neil, Cathy},
  year =	 2016,
  publisher =	 {Broadway Books},
  url =
                  {https://en.wikipedia.org/wiki/Weapons\_of\_Math\_Destruction},
  isbn =	 9780553418811
}

@book{papazoglou:2008:web-services,
  title =	 {Web services: principles and technology},
  author =	 {Papazoglou, Michael},
  year =	 2008,
  isbn =	 {978-0-321-1555-9},
  publisher =	 {Pearson Education}
}

@book{pierce:2002:types,
  title =	 {Types and programming languages},
  author =	 {Pierce, Benjamin C},
  year =	 2002,
  publisher =	 {MIT press}
}

@book{pierce:2005:advanced,
  title =	 {Advanced topics in types and programming languages},
  author =	 {Pierce, Benjamin C},
  year =	 2005,
  publisher =	 {MIT press}
}

@book{queinnec:2003:lisp,
  title =	 {Lisp in small pieces},
  author =	 {Queinnec, Christian},
  year =	 2003,
  publisher =	 {Cambridge University Press}
}

@article{rougier:2017:ReScience,
  title =	 {Sustainable computational science: the ReScience
                  initiative},
  author =	 {Rougier, Nicolas P and Hinsen, Konrad and Alexandre,
                  Fr{\'e}d{\'e}ric and Arildsen, Thomas and Barba,
                  Lorena A and Benureau, Fabien CY and Brown, C Titus
                  and De Buyl, Pierre and Caglayan, Ozan and Davison,
                  Andrew P and others},
  journal =	 {PeerJ Computer Science},
  volume =	 3,
  pages =	 {e142},
  year =	 2017,
  url =
                  {https://www.labri.fr/perso/nrougier/papers/10.7717.peerj-cs.142.pdf},
  publisher =	 {PeerJ Inc.}
}

@book{sangiorgi:2003:pi-calculus,
  title =	 {The pi-calculus: a Theory of Mobile Processes},
  author =	 {Sangiorgi, Davide and Walker, David},
  year =	 2003,
  publisher =	 {Cambridge university press}
}


@article{scholkopf:2019:causality-ml,
  title =	 {Causality for machine learning},
  author =	 {Sch{\"o}lkopf, Bernhard},
  journal =	 {arXiv preprint arXiv:1911.10500},
  year =	 2019
}

@book{sejnowski:2018:deep-learning,
  title =	 {The deep learning revolution},
  author =	 {Sejnowski, Terrence J},
  year =	 2018,
  isbn =	 {978-0-262-03803-4},
  publisher =	 {Mit Press}
}

@inproceedings{serrano:1995:bigloo,
  title={Bigloo: a portable and optimizing compiler for strict functional languages},
  author={Serrano, Manuel and Weis, Pierre},
  booktitle={International Static Analysis Symposium},
  pages={366--381},
  year={1995},
  url =
                  {http://citeseerx.ist.psu.edu/viewdoc/download?doi=10.1.1.50.8424&rep=rep1&type=pdf},
  organization={Springer}
}


@incollection{serrano:2016:computer-scientist-nightmare,
  title =	 {The Computer Scientist Nightmare},
  author =	 {Serrano, Manuel},
  booktitle =	 {A List of Successes That Can Change the World},
  pages =	 {356--366},
  year =	 2016,
  url =
                  {https://hal.archives-ouvertes.fr/hal-01340384/file/serrano-wf16.pdf},
  publisher =	 {Springer}
}
@book{zeller:2009:why-programs-fails,
  title={Why programs fail: a guide to systematic debugging},
  author={Zeller, Andreas},
  year={2009},
  isbn={978-1-55860-866-5},
  publisher={Elsevier}
}


@Book{belda:2013:intelligence-machines-maths,
  author = 	 {Belda, Ignasi},
  title = 	 {Intelligence, machines, et mathématiques (l'intelligence artificielle et ses enjeux)},
  publisher = 	 {RBA France},
  year = 	 2013,
  isbn={978-2-8237-0127-2},
  month = 	 {sept.}}
  
@book{foster:1995:designing-parallel,
  title={Designing and building parallel programs: concepts and tools for parallel software engineering},
  author={Foster, Ian T},
  year={1995},
  isbn={},0-201-57594-9
  publisher={Addison-Wesley}
}
@bool{computing1995designing,
  title={Designing and building parallel programs},
  author={Computing, Why Parallel},
  year={1995}
}
@book{shalev:2014:understanding,
  title =	 {Understanding machine learning: From theory to
                  algorithms},
  author =	 {Shalev-Shwartz, Shai and Ben-David, Shai},
  year =	 2014,
  isbn =	 {978-1-848-21101-8},
  publisher =	 {Cambridge university press}
}

@book{shiflett:2003:http,
  title =	 {HTTP Developer's Handbook},
  author =	 {Shiflett, Chris},
  year =	 2003,
  isbn =	 {0-672-32454-7},
  publisher =	 {Sams Publishing}
}

@book{stallings:2003:organisation,
  title={Organisation et architecture de l'ordinateur},
  author={Stallings, William and Etiemble, Daniel},
  year={2003},
  annote={computer organization and architecture},
  isbn={2-7440-7007-6},
  publisher={Pearson Education}
}

@book{stroustrup:2018:tourcplusplus,
  title =	 {A Tour of {C++}},
  author =	 {Stroustrup, Bjarne},
  year =	 2018,
  publisher =	 {Addison-Wesley Professional}
}

@inproceedings{van:2020:tackling,
  title =	 {Tackling the Awkward Squad for Reactive Programming:
                  The Actor-Reactor Model (Artifact)},
  author =	 {Van den Vonder, Sam and Renaux, Thierry and Oeyen,
                  Bjarno and De Koster, Joeri and De Meuter, Wolfgang},
  year =	 2020,
  url =
                  {http://soft.vub.ac.be/~svdvonde/papers/ecoop2020-tackling-the-awkward-squad-the-actor-reactor-model.pdf},
  organization = {Schloss Dagstuhl-Leibniz-Zentrum f{\"u}r Informatik}
}

@article{voigt:2017:eu-gdpr,
  title =	 {The \emph{EU} \textsc{general data protection
                  regulation}},
  author =	 {Voigt, Paul and Von dem Bussche, Axel},
  journal =	 {A Practical Guide, 1st Ed., Cham: Springer
                  International Publishing},
  year =	 2017,
  isbn =	 {978-3-319-57958-0},
  publisher =	 {Springer}
}

@inproceedings{wei:2021:theoretical-analysis-self-training,
title={Theoretical Analysis of Self-Training with Deep Networks on Unlabeled Data},
author={Colin Wei and Kendrick Shen and Yining Chen and Tengyu Ma},
booktitle={International Conference on Learning Representations},
year={2021},
url={https://openreview.net/forum?id=rC8sJ4i6kaH}
}

@inproceedings{wilson:1992:uniprocessorgc,
  title =	 {Uniprocessor garbage collection techniques},
  author =	 {Wilson, Paul R},
  booktitle =	 {International Workshop on Memory Management},
  pages =	 {1--42},
  year =	 1992,
  url =		 {http://3e8.org/pub/scheme/doc/gcsurvey.pdf},
  organization = {Springer}
}

@article{zuboff:2015:big-other,
  title =	 {Big other: surveillance capitalism and the prospects
                  of an information civilization},
  author =	 {Zuboff, Shoshana},
  journal =	 {Journal of Information Technology},
  volume =	 30,
  number =	 1,
  pages =	 {75--89},
  year =	 2015,
  url =		 {https://cryptome.org/2015/07/big-other.pdf},
  publisher =	 {Springer}
}
